<?xml version="1.0" encoding="UTF-8"?><collection xmlns="http://www.loc.gov/MARC21/slim"><record><leader>00322nam--2200121-i-4500</leader><controlfield tag="001">000041945</controlfield><controlfield tag="002">20161230</controlfield><controlfield tag="005">20161230201043</controlfield><controlfield tag="008">060222s1000------------r-----000-0-eng-d</controlfield><datafield ind1=" " ind2=" " tag="100"><subfield code="a">Smith,Alpheus And J.Cooper</subfield></datafield><datafield ind1=" " ind2=" " tag="245"><subfield code="a">The elements of physics</subfield></datafield><datafield ind1=" " ind2=" " tag="260"><subfield code="a">New York, Mcgraw Hilllll, 1957. Viii + 671 P.+ 2 Pl</subfield></datafield><datafield ind1=" " ind2=" " tag="852"><subfield code="a">13129</subfield></datafield></record></collection>